<?xml version="1.0" encoding="UTF-8"?><collection xmlns="http://www.loc.gov/MARC21/slim"><record><leader>00432nam--2200169-i-4500</leader><controlfield tag="001">000036252</controlfield><controlfield tag="002">20161230</controlfield><controlfield tag="005">20170205225205</controlfield><controlfield tag="008">060222s1000------------r-----000-0-eng-d</controlfield><datafield ind1=" " ind2=" " tag="080"><subfield code="a">512.5(075.8)</subfield></datafield><datafield ind1=" " ind2=" " tag="100"><subfield code="a">Novoselov, S. I</subfield></datafield><datafield ind1=" " ind2=" " tag="245"><subfield code="a">Algebra si functiile elementare. Partea II-a</subfield></datafield><datafield ind1=" " ind2=" " tag="260"><subfield code="a">Bucuresti</subfield><subfield code="b">Tip.Invat</subfield><subfield code="c">1956</subfield></datafield><datafield ind1=" " ind2=" " tag="300"><subfield code="a">170 p.Lito</subfield></datafield><datafield ind1=" " ind2=" " tag="490"><subfield code="a">Univ.C.I.Parhon</subfield></datafield><datafield ind1=" " ind2=" " tag="852"><subfield code="a">4360</subfield></datafield><datafield ind1=" " ind2=" " tag="CAT"><subfield code="a">SYS</subfield><subfield code="c">20170205</subfield><subfield code="h">225205</subfield></datafield></record></collection>